% ML/Deep Learning in Bioinformatics Review papers
@article{Min2017deep,
  title="{Deep learning in bioinformatics}",
  author={Min, Seonwoo and Lee, Byunghan and Yoon, Sungroh},
  journal={Briefings in bioinformatics},
  volume={18},
  number={5},
  pages={851--869},
  year={2017},
  publisher={Oxford University Press}
}
@article{Angermueller2016,
  title="{Deep learning for computational biology}",
  author={Angermueller, Christof and P{\"a}rnamaa, Tanel and Parts, Leopold and Stegle, Oliver},
  journal={Molecular systems biology},
  volume={12},
  number={7},
  pages={878},
  year={2016},
  publisher={EMBO Press}
}
@article{Ching2018,
  title="{Opportunities and obstacles for deep learning in biology and medicine}",
  author={Ching, Travers and Himmelstein, Daniel S and Beaulieu-Jones, Brett K and Kalinin, Alexandr A and Do, Brian T and Way, Gregory P and Ferrero, Enrico and Agapow, Paul-Michael and Zietz, Michael and Hoffman, Michael M and others},
  journal={Journal of The Royal Society Interface},
  volume={15},
  number={141},
  pages={20170387},
  year={2018},
  publisher={The Royal Society}
}
@article{Zitnik2019,
  title="{Machine learning for integrating data in biology and medicine: Principles, practice, and opportunities}",
  author={Zitnik, Marinka and Nguyen, Francis and Wang, Bo and Leskovec, Jure and Goldenberg, Anna and Hoffman, Michael M},
  journal={Information Fusion},
  volume={50},
  pages={71--91},
  year={2019},
  publisher={Elsevier}
}
% Deep learning in genomics
@article{Zou2018,
  title="{A primer on deep learning in genomics}",
  author={Zou, James and Huss, Mikael and Abid, Abubakar and Mohammadi, Pejman and Torkamani, Ali and Telenti, Amalio},
  journal={Nature genetics},
  pages={1},
  year={2018},
  publisher={Nature Publishing Group}
}

% kmer embedding for DNA sequences
@article{Min2017,
  title="{Chromatin accessibility prediction via convolutional long short-term memory networks with k-mer embedding}",
  author={Min, Xu and Zeng, Wanwen and Chen, Ning and Chen, Ting and Jiang, Rui},
  journal={Bioinformatics},
  volume={33},
  number={14},
  pages={i92--i101},
  year={2017},
  publisher={Oxford University Press}
}

% Optimal k for kmer length
@article{Zhang2017,
  title="{Viral phylogenomics using an alignment-free method: A three-step approach to determine optimal length of k-mer}",
  author={Zhang, Qian and Jun, Se-Ran and Leuze, Michael and Ussery, David and Nookaew, Intawat},
  journal={Scientific reports},
  volume={7},
  pages={40712},
  year={2017},
  publisher={Nature Publishing Group}
}
@article{Dubinkina2016,
  title="{Assessment of k-mer spectrum applicability for metagenomic dissimilarity analysis}",
  author={Dubinkina, Veronika B and Ischenko, Dmitry S and Ulyantsev, Vladimir I and Tyakht, Alexander V and Alexeev, Dmitry G},
  journal={BMC bioinformatics},
  volume={17},
  number={1},
  pages={38},
  year={2016},
  publisher={BioMed Central}
}

% Neural Network in genomics and alignment (Google, ParisTech-Vert-, Montreal)
@article{Busia2019,
  title="{A deep learning approach to pattern recognition for short DNA sequences}",
  author={Busia, Akosua and Dahl, George E and Fannjiang, Clara and Alexander, David H and Dorfman, Elizabeth and Poplin, Ryan and McLean, Cory Y and Chang, Pi-Chuan and DePristo, Mark},
  journal={bioRxiv},
  pages={353474},
  year={2019},
  publisher={Cold Spring Harbor Laboratory}
}
@article{Menegaux2018,
  title="{Continuous Embeddings of DNA Sequencing Reads and Application to Metagenomics}",
  author={Menegaux, Romain and Vert, Jean-Philippe},
  journal={Journal of Computational Biology},
  year={2018},
  publisher={Mary Ann Liebert, Inc., publishers 140 Huguenot Street, 3rd Floor New~…}
}
@inproceedings{Lebatteux2018,
  title="{Toward an Alignment-Free Method for Feature Extraction and Accurate Classification of Viral Sequences}",
  author={Lebatteux, Dylan and Remita, Amine M. and Diallo, Abdoulaye Banir{\'e}},
  maintitle = {},
  booktitle = {Joint ICML and IJCAI Workshop on Computational Biology (WCB'18)},
  year={2018},
  publisher={}
}

% Tandem repeats review
@article{Bakhtiari2018,
  title="{Targeted genotyping of variable number tandem repeats with adVNTR}",
  author={Bakhtiari, Mehrdad and Shleizer-Burko, Sharona and Gymrek, Melissa and Bansal, Vikas and Bafna, Vineet},
  journal={Genome Research},
  volume={28},
  number={11},
  pages={1709--1719},
  year={2018},
  publisher={Cold Spring Harbor Lab}
}
@article{Gelfand2014,
  title="{VNTRseek—a computational tool to detect tandem repeat variants in high-throughput sequencing data}",
  author={Gelfand, Yevgeniy and Hernandez, Yozen and Loving, Joshua and Benson, Gary},
  journal={Nucleic acids research},
  volume={42},
  number={14},
  pages={8884--8894},
  year={2014},
  publisher={Oxford University Press}
}
@article{Dolzhenko2019,
  title="{ExpansionHunter: A sequence-graph based tool to analyze variation in short tandem repeat regions}",
  author={Dolzhenko, Egor and Deshpande, Viraj and Schlesinger, Felix and Krusche, Peter and Petrovski, Roman and Chen, Sai and Emig-Agius, Dorothea and Gross, Andrew and Narzisi, Giuseppe and Bowman, Brett and others},
  journal={bioRxiv},
  pages={572545},
  year={2019},
  publisher={Cold Spring Harbor Laboratory}
}

% VNTR disease (AD, Review, CSTB)
@article{Capurso2010,
  title={Interleukin 6--174 G/C promoter and variable number of tandem repeats (VNTR) gene polymorphisms in sporadic Alzheimer's disease},
  author={Capurso, Cristiano and Solfrizzi, Vincenzo and Colacicco, Anna Maria and D'introno, Alessia and Frisardi, Vincenza and Imbimbo, Bruno P and Lorusso, Maria and Vendemiale, Gianluigi and Denitto, Marta and Santamato, Andrea and others},
  journal={Progress in Neuro-Psychopharmacology and Biological Psychiatry},
  volume={34},
  number={1},
  pages={177--182},
  year={2010},
  publisher={Elsevier}
}
@article{Brookes2013,
  title={The VNTR in complex disorders: The forgotten polymorphisms? A functional way forward?},
  author={Brookes, KJ},
  journal={Genomics},
  volume={101},
  number={5},
  pages={273--281},
  year={2013},
  publisher={Elsevier}
}
@article{Lalioti1997,
  title={Dodecamer repeat expansion in cystatin B gene in progressive myoclonus epilepsy},
  author={Lalioti, Maria D and Scott, Hamish S and Buresi, Catherine and Rossier, Colette and Bottani, Armand and Morris, Michael A and Malafosse, Alain and Antonarakis, Stylianos E},
  journal={Nature},
  volume={386},
  number={6627},
  pages={847},
  year={1997},
  publisher={Nature Publishing Group}
}

% Genome graph
@techreport{Rakocevic2019,
  title={Fast and accurate genomic analyses using genome graphs},
  author={Rakocevic, Goran and Semenyuk, Vladimir and Lee, Wan-Ping and Spencer, James and Browning, John and Johnson, Ivan J and Arsenijevic, Vladan and Nadj, Jelena and Ghose, Kaushik and Suciu, Maria C and others},
  year={2019},
  institution={Nature Publishing Group}
}

% Methods for comparison
% BWA or Bowtie2 or both
@article{Langmead2012,
  title="{Fast gapped-read alignment with Bowtie 2}",
  author={Langmead, Ben and Salzberg, Steven L},
  journal={Nature methods},
  volume={9},
  number={4},
  pages={357},
  year={2012},
  publisher={Nature Publishing Group}
}

% Methods
@article{Kingma2014,
  title="{Adam: A method for stochastic optimization}",
  author={Kingma, Diederik P and Ba, Jimmy},
  journal={arXiv preprint arXiv:1412.6980},
  year={2014}
}
@article{Huang2011,
  title="{ART: a next-generation sequencing read simulator}",
  author={Huang, Weichun and Li, Leping and Myers, Jason R and Marth, Gabor T},
  journal={Bioinformatics},
  volume={28},
  number={4},
  pages={593--594},
  year={2011},
  publisher={Oxford University Press}
}

% Deel learning papers (RELU)
@inproceedings{Nair2010,
  title={Rectified linear units improve restricted boltzmann machines},
  author={Nair, Vinod and Hinton, Geoffrey E},
  booktitle={Proceedings of the 27th international conference on machine learning (ICML-10)},
  pages={807--814},
  year={2010}
}
